@inproceedings{karpas2015robust,
  title={Robust Execution of Plans for Human-Robot Teams},
  author={Karpas, Erez and Levine, Steven J and Yu, Peng and Williams, Brian C},
  booktitle={Twenty-Fifth International Conference on Automated Planning and Scheduling},
  year={2015}
}

@inproceedings{levine2014concurrent,
  title={Concurrent plan recognition and execution for human-robot teams},
  author={Levine, Steven James and Williams, Brian Charles},
  booktitle={Twenty-Fourth International Conference on Automated Planning and Scheduling},
  year={2014}
}



@article{nikolaidis2012human,
	author = "Nikolaidis, Stefanos and Shah, Julie",
	journal = "ACM/IEEE HRI",
	title = "{Human-robot teaming using shared mental models}",
	year = "2012"
}


@inproceedings{nikolaidis2013human,
	author = "Nikolaidis, Stefanos and Shah, Julie",
	booktitle = "{Proceedings of the 8th ACM/IEEE international conference on Human-robot interaction}",
	organization = "IEEE Press",
	pages = "33--40",
	title = "{Human-robot cross-training: computational formulation, modeling and evaluation of a human team training strategy}",
	year = "2013"
}

@inproceedings{mainprice2013human,
	author = "Mainprice, Jim and Berenson, Dmitry",
	booktitle = "{Intelligent Robots and Systems (IROS), 2013 IEEE/RSJ International Conference on}",
	organization = "IEEE",
	pages = "299--306",
	title = "{Human-robot collaborative manipulation planning using early prediction of human motion}",
	year = "2013"
}

@inproceedings{shah2011improved,
	author = "Shah, Julie and Wiken, James and Williams, Brian and Breazeal, Cynthia",
	booktitle = "{Proceedings of the 6th international conference on Human-robot interaction}",
	organization = "ACM",
	pages = "29--36",
	title = "{Improved human-robot team performance using chaski, a human-inspired plan execution system}",
	year = "2011"
}

@article{clairrobot,
  title={How Robot Verbal Feedback Can Improve Team Performance in Human-Robot Task Collaborations},
  author={Clair, Aaron St and Mataric, Maja}
}

    
    