@INPROCEEDINGS{Lallee2013,
author={Lallee, S. and Hamann, K. and Steinwender, J. and Warneken, F. and Martienz, U. and Barron-Gonzales, H. and Pattacini, U. and Gori, I. and Petit, M. and Metta, G. and Verschure, P. and Ford Dominey, P.},
booktitle={Intelligent Robots and Systems (IROS), 2013 IEEE/RSJ International Conference on},
title={Cooperative human robot interaction systems: IV. Communication of shared plans with humans using gaze and speech},
year={2013},
month={Nov},
pages={129-136},
keywords={cognitive systems;gesture recognition;human-robot interaction;humanoid robots;speech processing;artificial agents;cognitive errors;cognitive system;cooperative human robot interaction systems;human social life;human-centered approach;human-like control;naïve humans;shared plan communication;social actions;spoken language;task-oriented gaze;task-oriented gestures;turn taking;Collision avoidance;Joints;Pragmatics;Psychology;Robot kinematics;Speech;HRI;cognitive architecture;cooperation;gaze;joint plan;shared intention;spoken language},
doi={10.1109/IROS.2013.6696343},
ISSN={2153-0858},}

@ARTICLE{Petit2012,
author={Petit, M. and Lallee, S. and Boucher, J.-D. and Pointeau, G. and Cheminade, P. and Ognibene, D. and Chinellato, E. and Pattacini, U. and Gori, I. and Martinez-Hernandez, U. and Barron-Gonzalez, H. and Inderbitzin, M. and Luvizotto, A. and Vouloutsi, V. and Demiris, Y. and Metta, G. and Dominey, P.F.},
journal={Autonomous Mental Development, IEEE Transactions on},
title={The Coordinating Role of Language in Real-Time Multimodal Learning of Cooperative Tasks},
year={2013},
month={March},
volume={5},
number={1},
pages={3-17},
keywords={cognitive systems;human-robot interaction;humanoid robots;natural languages;Nao humanoid robot learning;agent cooperation;cognitive system;cooperative plan development;coordinating role;human cognition;human cooperation;human infant;iCub humanoid;kinesthetic demonstration;language development;lower-level sensorimotor capability;nontrivial cooperative task;real-time learning capability;real-time multimodal learning;shared plan negotiation;spoken language;visual observation;Context;Education;Humans;Real time systems;Robot kinematics;Robot sensing systems;Cooperation;humanoid robot;shared plans;situated and social learning;spoken language interaction},
doi={10.1109/TAMD.2012.2209880},
ISSN={1943-0604},}



@inproceedings{Lomas2012,
 author = {Lomas, Meghann and Chevalier, Robert and Cross,II, Ernest Vincent and Garrett, Robert Christopher and Hoare, John and Kopack, Michael},
 title = {Explaining Robot Actions},
 booktitle = {Proceedings of the Seventh Annual ACM/IEEE International Conference on Human-Robot Interaction},
 series = {HRI '12},
 year = {2012},
 isbn = {978-1-4503-1063-5},
 location = {Boston, Massachusetts, USA},
 pages = {187--188},
 numpages = {2},
 url = {http://doi.acm.org/10.1145/2157689.2157748},
 doi = {10.1145/2157689.2157748},
 acmid = {2157748},
 publisher = {ACM},
 address = {New York, NY, USA},
 keywords = {explanations, human-robot partnering, natural communications, robotic actions, trust},
} 

@article{tomasello2005,
author = {Tomasello,Michael and Carpenter,Malinda and Call,Josep and Behne,Tanya and Moll,Henrike},
title = {Understanding and sharing intentions: The origins of cultural cognition},
journal = {Behavioral and Brain Sciences},
volume = {28},
issue = {05},
month = {10},
year = {2005},
issn = {1469-1825},
pages = {675--691},
numpages = {17},
doi = {10.1017/S0140525X05000129},
URL = {http://journals.cambridge.org/article\_S0140525X05000129},
}

@article{tomasello2009,
author = {Gallotti,Mattia},
title = {Why We Cooperate, Michael Tomasello. MIT Press, 2009. xviii + 206 pages.},
journal = {Economics and Philosophy},
volume = {27},
issue = {02},
month = {7},
year = {2011},
issn = {1474-0028},
pages = {183--190},
numpages = {8},
doi = {10.1017/S0266267111000071},
URL = {http://journals.cambridge.org/article\_S0266267111000071},
}

@article{Butterfill2011,
	pages = {137--146},
	abstract = {Editorial: Joint Action: What Is Shared? Content Type Journal Article Pages 137-146 DOI 10.1007/s13164-011-0062-3 Authors Stephen A. Butterfill, Department of Philosophy, University of Warwick, Coventry, UK Natalie Sebanz, Centre for Cognition, Donders Institute for Brain, Cognition, \& Behaviour, Radboud University, Nijmegen, The Netherlands Journal Review of Philosophy and Psychology Online ISSN 1878-5166 Print ISSN 1878-5158 Journal Volume Volume 2 Journal Issue Volume 2, Number 2},
	number = {2},
	volume = {2},
	year = {2011},
	publisher = {Springer},
	author = {Stephen Andrew Butterfill and Natalie Sebanz},
	journal = {Review of Philosophy and Psychology},
	title = {Editorial: Joint Action: What Is Shared?}
}

@article{guitton2012,
  title={Belief Management for HRI Planning},
  author={Guitton, Julien and Warnier, Matthieu and Alami, Rachid},
  journal={BNC@ ECAI 2012},
  pages={27},
  year={2012}
}

@MISC{Brenner2008,
    author = {Michael Brenner and Ivana Kruijff-korbayová},
    title = {A Continual Multiagent Planning Approach to Situated Dialogue},
    year = {2008}
}
@ARTICLE{Warneken2006,
    author = {Felix Warneken and Frances Chen and Michael Tomasello},
    title = {Cooperative activities in young children and chimpanzees},
    journal = {Child Development},
    year = {2006},
    pages = {640--663}
}

@article {Warneken2007,
author = {Warneken, Felix and Tomasello, Michael},
title = {Helping and Cooperation at 14 Months of Age},
journal = {Infancy},
volume = {11},
number = {3},
publisher = {Blackwell Publishing Ltd},
issn = {1532-7078},
url = {http://dx.doi.org/10.1111/j.1532-7078.2007.tb00227.x},
doi = {10.1111/j.1532-7078.2007.tb00227.x},
pages = {271--294},
year = {2007},
}

@article{carpenter2005,
  title={Role reversal imitation and language in typically developing infants and children with autism},
  author={Carpenter, Malinda and Tomasello, Michael and Striano, Tricia},
  journal={Infancy},
  volume={8},
  number={3},
  pages={253--278},
  year={2005},
  publisher={Wiley Online Library}
}

@inproceedings{Mohseni2015,
 author = {Mohseni-Kabir, Anahita and Rich, Charles and Chernova, Sonia and Sidner, Candace L. and Miller, Daniel},
 title = {Interactive Hierarchical Task Learning from a Single Demonstration},
 booktitle = {Proceedings of the Tenth Annual ACM/IEEE International Conference on Human-Robot Interaction},
 series = {HRI '15},
 year = {2015},
 isbn = {978-1-4503-2883-8},
 location = {Portland, Oregon, USA},
 pages = {205--212},
 numpages = {8},
 url = {http://doi.acm.org/10.1145/2696454.2696474},
 doi = {10.1145/2696454.2696474},
 acmid = {2696474},
 publisher = {ACM},
 address = {New York, NY, USA},
 keywords = {hierarchical task networks, learning from demonstration},
} 

@inproceedings{lallement14,
 author = {Rapha{\"e}l Lallement and Lavindra de Silva and Rachid Alami},
 title = {HATP: An HTN Planner for Robotics},
 booktitle = {2nd ICAPS Workshop on Planning and Robotics},
 pages = {20-27},
 year = {2014}
}

@article{strips71,
 author = {Fikes, R. and Nilsson, N.},
 title = {STRIPS: A New Approach to the Application of Theorem Proving to Problem Solving},
 journal = {Artificial Intelligence},
 volume = {2(3/4)},
 pages = {189--208},
 year = {1971}
}

@inproceedings{Nau99,
 author = {D. Nau and Y. Cao and A. Lotem and H. Muñoz-Avila},
 title = {SHOP: Simple Hierarchical Ordered Planner},
 booktitle = {IJCAI},
 year = {1999},
 pages = {968--973}
}